@online{slika,
	title = {Slika s interneta},
	url = {https://www.stranica.com/clanak},
	urldate = {2025-01-01},
	keywords = {url}
}
@article{clanak,
	title = {Naslov članka},
	author = {Prezime, Ime},
	year = 2025,
	journal = {Ime časopisa},
	number = 1,
	pages = {1–100},
	doi = {10.10000/100000}
}
@inproceedings{zbornik,
	title = {Naslov članka},
	author = {Prezime, Ime and Prezime2, Ime2 and Prezime3, Ime3},
	year = 2025,
	booktitle = {Naslov zbornika},
	publisher = {Izdavač},
	address = {Adresa},
	series = {Uist '08},
	pages = {1-100},
	doi = {10.10000/200000},
	isbn = 1000000000000,
	numpages = 10,
}
@mastersthesis{diplomski,
	title = {Naslov diplomskog rada},
	author = {Prezime4, Ime4},
	year = 2025,
	pages = 50,
	publisherplace = {Mjesto sjedišta fakulteta},
	school = {Ime fakulteta}
}
@book{knjiga,
	title = {Naslov knjige},
	author = {Prezime5, Ime5 and Prezime6, Ime6},
	year = 2025,
	publisher = {Ime izdavača},
	doi = {10.10000/300000},
	isbn = 2000000000000
}
